<record xmlns="http://www.loc.gov/MARC21/slim" xmlns:xsi="http://www.w3.org/2001/XMLSchema-instance" xsi:schemaLocation="http://www.loc.gov/MARC21/slim http://www.loc.gov/standards/marcxml/schema/MARC21slim.xsd">

  <leader>00883nam a2200229Ia 4500</leader>
  <datafield ind2=" " tag="999" ind1=" ">
    <subfield code="c">1116</subfield>
    <subfield code="d">1116</subfield>
  </datafield>
  <controlfield tag="008">180606b2005    ec ||||| |||| 00| | spa d</controlfield>
  <datafield ind2=" " ind1=" " tag="020">
    <subfield code="a">9978-44-622-2</subfield>
  </datafield>
  <datafield ind2=" " tag="090" ind1=" ">
    <subfield code="a">05.03.04 </subfield>
    <subfield code="b">1598</subfield>
  </datafield>
  <datafield ind2=" " tag="100" ind1=" ">
    <subfield code="a">Álvarez González, Freddy Javier</subfield>
    <subfield code="9">3717</subfield>
  </datafield>
  <datafield tag="245" ind1="1" ind2="3">
    <subfield code="a">El arte de cambiar las personas que cambian las cosas: El cambio conceptual del ser humano desde su contexto cambiante \  </subfield>
    <subfield code="c">Freddy Álvarez, María Adriana Mato, Julio Santamaría, Juan Cheaz, José de Souza Silva</subfield>
  </datafield>
  <datafield ind2=" " tag="260" ind1=" ">
    <subfield code="a">Quito, EC: </subfield>
    <subfield code="b">Red Nuevo Paradigma, </subfield>
    <subfield code="c"> 2005</subfield>
  </datafield>
  <datafield ind2=" " tag="300" ind1=" ">
    <subfield code="a">237 páginas</subfield>
  </datafield>
  <datafield ind2="4" ind1="1" tag="650">
    <subfield code="a"> CAMBIO SOCIAL </subfield>
    <subfield code="9">470</subfield>
  </datafield>
  <datafield ind2="4" tag="650" ind1="1">
    <subfield code="a">POBREZA</subfield>
    <subfield code="9">263</subfield>
  </datafield>
  <datafield ind1="1" tag="650" ind2="4">
    <subfield code="a">INNOVACIONES</subfield>
    <subfield code="9">649</subfield>
  </datafield>
  <datafield ind1=" " tag="651" ind2="4">
    <subfield code="9">273</subfield>
    <subfield code="a">AMÉRICA LATINA</subfield>
  </datafield>
  <datafield tag="700" ind1=" " ind2=" ">
    <subfield code="a">Mato Bode, María Adriana</subfield>
    <subfield code="9">3718</subfield>
  </datafield>
  <datafield ind2=" " ind1=" " tag="700">
    <subfield code="a"> Santamaría Guerra, Julio</subfield>
    <subfield code="9">3719</subfield>
  </datafield>
  <datafield ind2=" " ind1="1" tag="700">
    <subfield code="a">Cheaz Peláez, Juan</subfield>
    <subfield code="9">3720</subfield>
  </datafield>
  <datafield tag="700" ind1=" " ind2=" ">
    <subfield code="a">Sousa Silva, José de</subfield>
    <subfield code="9">3721</subfield>
  </datafield>
  <datafield tag="942" ind1=" " ind2=" ">
    <subfield code="2">z</subfield>
    <subfield code="c">01</subfield>
  </datafield>
</record>